@book{rybicka03,
  author = "Jiří Rybička",
  title = "\LaTeX{} pro začátečníky",
  publisher = "KONVOJ",
  year = "2003",
  isbn = "80-7302-049-1"
}

@book{goossens94,
  author = "Michel Goossens and Frank Mittelbach and Alexander Samarin",
  title = "The \LaTeX{} Companion",
  publisher = "Addison-Wesley",
  year = "1994",
  isbn = "0-201-54199-8"
}

@misc{wiki-latinka,
  author = "Wikipedia",
  title = "Latinka --- {W}ikipedia{,} The Free Encyclopedia [Online]",
  year = "2012",
  howpublished = "\url{http://cs.wikipedia.org/wiki/Latinka}",
  note = "[cit. 2012-04-16]"
}

@misc{janak01,
  author = "Robert Janak",
  title = "TYPOGRAFIE - písmo [Online]",
  year = "2001",
  howpublished = "\url{http://www.typografie.unas.cz/pismo.html}",
  note = "[cit. 2012-04-16]"
}

@misc{antypa-pismo,
  author = "Antypa",
  title = "Klasifikace písma [Online]",
  year = "2010",
  howpublished = "\url{http://antypa.cz/?page_id=182}",
  note = "[cit. 2012-04-16]"
}

@article{software08, 
  author = "Nishikimi, M. and Handa, K. and Takahashi, N. and Tomura, S.",
  title = "When fonts do not know everything: an extensible system for multilingual text rendering",
  journal = "Software: Practice and Experience",
  volume = "38",
  number = "1",
  issn = "1097-024X",
  pages = {1--31},
  year = {2008}
}

@inproceedings{zongker00,
 author = "Zongker, Douglas E. and Wade, Geraldine and Salesin, David H.",
 title = "Example-based hinting of true type fonts",
 booktitle = "Proceedings of the 27th annual conference on Computer graphics and interactive techniques",
 series = "SIGGRAPH '00",
 year = "2000",
 isbn = "1-58113-208-5",
 pages = "411--416",
 publisher = "ACM Press/Addison-Wesley Publishing Co.",
 address = "New York, NY, USA"
}

@proceedings{computers05,
  title = "Computers \& Graphics",
  volume = "29",
  year = "2005",
  issn = "0097-8493",
  key = "Computers and Graphics"
}

@mastersthesis{mocicka05,
  author    = "Jiří Močička",
  title     = "Digitální typografie",
  school    = "Vysoké učení technické",
  type     = "Diplomová práce",
  address  = "Brno",
  year      = "2005"
}

@mastersthesis{bednar11,
  author    = "Petr Bednár",
  title     = "Tvorba písma OpenType volně dostupnými softwarovými prostředky",
  school    = "Vysoké učení technické",
  type     = "Diplomová práce",
  address  = "Brno",
  year      = "2011"
}
